@book{adams1995hitchhiker,
  title={The Hitchhiker's Guide to the Galaxy},
  author={Adams, D.},
  isbn={9781417642595},
  url={http://books.google.com/books?id=W-xMPgAACAAJ},
  year={1995},
  publisher={San Val}
}

@misc{minstrelht,
 title     = {ns-3: ns3::MinstrelHtWifiManager Class Reference},
 note       = {\url{https://www.nsnam.org/docs/release/3.27/doxygen/classns3\_1\_1\_minstrel\_ht\_wifi\_manager.html}},
}

@misc{github,
  author = {Renzo Arreaza and Marcelo Guerrero},
  title = {TSS1-NS3 repository},
  howpublished = {\url{https://github.com/renzoarreaza/TSS1-NS3}},
}

